
@book{SebastianThrun,
  title = {Probabilistic Robotics},
  timestamp = {2015-01-05 14:57:31},
  author = {{Sebastian Thrun}},
  note = {Chapter 13.1-13.3 + 13.8}
}

@book{MontemerloThrunKollarWegbreit,
  title = {{FastSLAM}: A Factored Solution to the Simultaneous Localization and Mapping Problem},
  timestamp = {2015-01-05 14:58:31},
  author = {{Montemerlo, Thrun, Kollar, Wegbreit}},
  note = {2002}
}

@book{MontemerloThrun,
  title = {Simultaneous Localization and Mapping with Unknown Data Association Using {FastSLAM}},
  timestamp = {2015-01-05 14:59:01},
  author = {{Montemerlo,Thrun}},
  note = {2003}
}

@misc{GregCzerniak,
  title = {Kalman Filters},
  url = {http://greg.czerniak.info/guides/kalman1/},
  timestamp = {2015-01-05 15:01:27},
  author = {{Greg Czerniak}},
  note = {2009}
}

@article{t.j._nugent_laser_2013,
  title = {Laser Power for {UAVs}},
  timestamp = {2015-05-16 09:18:33},
  author = {{T.J. Nugent} and {J.T. Kare}},
  year = {2013}
}

@article{brent_griffin_resonant_2012,
  title = {Resonant Wireless Power Transfer to Ground Sensors from a {UAV}},
  timestamp = {2015-05-16 09:18:34},
  author = {{Brent Griffin} and {Carrick Detweiler}},
  year = {2012}
}

@article{thomas_j._nugent_laser_2011,
  title = {Laser power beaming for defense and security applications},
  timestamp = {2015-05-16 09:18:34},
  author = {{Thomas J. Nugent} and {Dr. Jordin T. Kare}},
  year = {2011},
  note = {SPIE Proceedings Vol. 8045}
}

@article{jinha_lee_zeron:_2011,
  title = {{ZeroN}: Mid-Air Tangible Interaction Enabled by Computer Controlled Magnetic Levitation},
  timestamp = {2015-05-16 09:18:34},
  author = {{Jinha Lee} and {Rehmi Post} and {Hiroshi Ishii}},
  year = {2011}
}

@article{olivier_bau_revel:_2013,
  title = {{REVEL}: Tactile Feedback Technology for Augmented Reality},
  url = {http://www.disneyresearch.com/project/aireal/},
  timestamp = {2015-05-16 09:18:34},
  author = {{Olivier Bau} and {Ivan Poupyrev}},
  year = {2013}
}

@article{sean_follmer_inform:_2013,
  title = {{inFORM}: Dynamic Physical Affordances and Constraints through Shape and Object Actuation},
  timestamp = {2015-05-16 09:18:34},
  author = {{Sean Follmer} and {Daniel Leithinger} and {Alex Olwal} and {Akimitsu Hogge} and {Hiroshi Ishii}},
  year = {2013}
}

@article{anatole_lecuyer_a4:_2005,
  title = {A4: A Technique to Improve Perception of Contacts with Under-Actuated Haptic Devices in Virtual Reality},
  timestamp = {2015-05-16 09:18:34},
  author = {{Anatole L{\'e}cuyer} and {Jean-Marie Burkhardt} and {Jildaz Le Biller} and {Marco Congedo}},
  year = {2005}
}

@article{natalia_bogdan_hybridspace:_2014,
  title = {{HybridSpace}: Integrating 3D Freehand Input and Stereo Viewing into Traditional Desktop Applications},
  timestamp = {2015-05-16 09:18:34},
  author = {{Natalia Bogdan} and {Tovi Grossman} and {George Fitzmaurice}},
  year = {2014},
  note = {IEEE Symposium on 3D User Interfaces 2014}
}

@article{andrea_f.abate_haptic-based_2009,
  title = {A haptic-based approach to virtual training for aerospace industry},
  timestamp = {2015-05-16 09:18:34},
  author = {{Andrea F.Abate} and {Mariano Guida} and {Paolo Leoncini} and {Michele Nappi} and {Stefano Ricciardi}},
  year = {2009}
}

@article{monica_bordegoni_haptic_2006,
  title = {Haptic technologies for the conceptual and validation phases of product design},
  timestamp = {2015-05-16 09:18:34},
  author = {{Monica Bordegoni} and {Giorgio Colombo} and {Luca Formentini}},
  year = {2006},
  note = {Computers \& Graphics 30 (2006) 377{\textendash}390}
}

@article{jose-luis_rodriguez_haptic_2012,
  title = {Haptic Rendering of Virtual Shapes with the Novint Falcon},
  timestamp = {2015-05-16 17:28:55},
  author = {{Jos'e-Luis Rodr'{\i}guez} and {Ramiro Vel'azquez}},
  year = {2012}
}

@article{luv_kohli_warping_2013,
  title = {Warping Virtual Space for Low-Cost Haptic Feedback},
  timestamp = {2015-05-16 09:18:34},
  author = {{Luv Kohli}},
  year = {2013},
  note = {I3D '13 Proceedings of the ACM SIGGRAPH Symposium on Interactive 3D Graphics and Games Pages 195-195}
}

@article{yoichi_ochiai_three-dimensional_2013,
  title = {Three-dimensional Mid-air Acoustic Manipulation by Ultrasonic Phased Array},
  timestamp = {2015-05-16 09:18:34},
  author = {{Yoichi Ochiai} and {Takayuki Hoshi} and {Jun Rekimoto}},
  year = {2013}
}

@article{oliver_kreylos_eye-tracked_2014,
  title = {An Eye-tracked Oculus Rift},
  url = {http://doc-ok.org/?p=1021},
  abstract = {Eye tracking in VR headsets, A Closer Look at the Oculus Rift},
  timestamp = {2015-05-25 11:35:32},
  author = {{Oliver Kreylos}},
  month = feb,
  year = {2014}
}

@article{_fly_2014,
  title = {Fly like a bird with this epic Oculus Rift contraption},
  url = {http://www.gamespot.com/articles/fly-like-a-bird-with-this-epic-oculus-rift-contraption/1100-6419559/},
  abstract = {Zurich University's project Birdly http://birdly.zhdk.ch/en/about/},
  timestamp = {2015-05-16 09:18:34},
  month = nov,
  year = {2014},
  note = {Gamespot}
}

@article{whelan_kintinuous:_2012,
  title = {Kintinuous: Spatially Extended {KinectFusion}},
  timestamp = {2015-05-16 09:18:34},
  author = {Whelan, Thomas and {John McDonald} and {Michael Kaess} and {Maurice Fallon} and {Hordur Johannsson} and {John J. Leonard}},
  year = {2012}
}

@article{richard_a._newcombe_kinectfusion:_2011,
  title = {{KinectFusion}: Real-Time Dense Surface Mapping and Tracking},
  timestamp = {2015-05-16 09:18:34},
  author = {{Richard A. Newcombe} and {Shahram Izadi} and {Otmar Hilliges} and {David Molyneaux} and {David Kim} and {Andrew J. Davison} and {Pushmeet Kohli} and {Jamie Shotton} and {Steve Hodges} and {Andrew Fitzgibbon}},
  year = {2011}
}

@article{andrea_colaco_mime:_2013,
  title = {Mime: Compact, Low-Power 3D Gesture Sensing for Interaction with Head-Mounted Displays},
  timestamp = {2015-05-16 09:18:34},
  author = {{Andrea Colaco} and {Ahmed Kirmani} and {Hye Soo Yang} and {Nan-Wei Gong} and {Chris Schmandt} and {Vivek K Goyal}},
  year = {2013},
  note = {UIST '13 Proceedings of the 26th annual ACM symposium on User interface software and technology Pages 227-236}
}

@article{mark_bolas_open_2013,
  title = {Open Virtual Reality},
  timestamp = {2015-05-16 09:18:34},
  author = {{Mark Bolas} and {James Iliff} and {Perry Hoberman} and {Nate Burba} and {Ian McDowall} and {Thai Phan} and {Palmer Luckey} and {David M. Krum}},
  year = {2013}
}

@article{ThibautRaharijaona2013,
  title = {A tiny lensless position sensing device for the tracking of active markers},
  timestamp = {2015-05-16 09:25:32},
  author = {{Thibaut Raharijaona} and {Paul Mignon} and {Raphael Juston} and {Stephane Viollet}},
  year = {2013},
  note = {HAL Id: hal-00910804}
}

@article{Li-WeiChan2010,
  title = {Enabling {BeyondSurface} Interactions for Interactive Surface with An Invisible Projection},
  timestamp = {2015-05-16 10:20:42},
  author = {{Li-Wei Chan} and {Hsiang-Tao Wu} and {Hui-Shan Kao} and {Ju-Chun Ko} and {Home-Ru Lin} and {Mike Y. Chen} and {Jane Hsu} and {Yi-Ping Hung}},
  year = {2010},
  note = {ACM, UIST'10, October 3{\textendash}6, 2010, New York, New York, USA}
}

@article{Hsi-ChunWang2008,
  title = {Design of halftone-based {AR} markers under infrared detection},
  timestamp = {2015-05-16 10:54:49},
  author = {{Hsi-Chun Wang} and {Wen-Hsin Liu} and {Chia-Long Chang} and {Yi-Hui Chen}},
  year = {2008},
  note = {IEEE, DOI 10.1109/CSSE.2008.1391}
}

@article{YusukeNakazato2004,
  title = {Discreet Markers for User Localization},
  timestamp = {2015-05-16 11:07:45},
  author = {{Yusuke Nakazato} and {Masayuki Kanbara} and {Naokazu Yokoya}},
  year = {2004},
  note = {IEEE, ISWC'04}
}

@article{JozeGuna2014,
  title = {An Analysis of the Precision and Reliability of the Leap Motion Sensor and Its Suitability for Static and Dynamic Tracking},
  timestamp = {2015-05-16 11:21:08},
  author = {{Jo{\v z}e Guna} and {Grega Jakus} and {Matev{\v z} Poga{\v c}nik} and {Sa{\v s}o Toma{\v z}i{\v c}} and {Jaka Sodnik}},
  year = {2014},
  note = {ISSN 1424-8220}
}

@article{LingfeiZhang2008,
  title = {A Fast Center of Mass Estimation Algorithm for Coordinates of {IR} Markers},
  timestamp = {2015-05-16 12:56:56},
  author = {{Lingfei Zhang} and {Gang Chen} and {Dong Ye} and {Rensheng Che}},
  year = {2008},
  note = {IEEE, DOI 10.1109/ICYCS.2008.506}
}

@article{SatoshiSuzuki1985,
  title = {Topological Structural Analysis of Digitized Binary Images by Border Following},
  timestamp = {2015-05-16 14:05:46},
  author = {{Satoshi Suzuki} and {Keiichi Abe}},
  year = {1985},
  note = {CVGIP 30 1, pp 32-46}
}

@article{KeshengWu2005,
  title = {Optimizing Connected Component Labeling Algorithms},
  timestamp = {2015-05-16 14:10:02},
  author = {{Kesheng Wu} and {Ekow Otoo} and {Arie Shoshani}},
  year = {2005},
  note = {LBNL-56864}
}

@article{YuhaiLi2010,
  title = {An Efficient and Low Memory Requirement Algorithm for Extracting Image Component Information},
  timestamp = {2015-05-16 14:11:19},
  author = {{Yuhai Li} and {Kuizhi Me} and {Peixiang Dong}},
  year = {2010},
  note = {International Journal of Advanced Intelligence, Volume 3, Number 2, pp.255-267, July, 2011}
}

@article{VictorM.A.Oliveira2010,
  title = {A Study on Connected Components Labeling algorithms using {GPUs}},
  timestamp = {2015-05-16 14:15:26},
  author = {{Victor M. A. Oliveira} and {Roberto A. Lotufo}},
  year = {2010},
  note = {SIBGRAPI}
}

@article{MarkCutler2013,
  title = {Lightweight Infrared Sensing for Relative Navigation of Quadrotors},
  timestamp = {2015-05-16 20:42:41},
  author = {{Mark Cutler} and {Bernard Michini} and {Jonathan P. How}},
  year = {2013},
  note = {ICUAS}
}

@article{ChangHoHan2009,
  title = {A 3D Coordinate Estimation by using Reformed Two {IR} {LED} Markers and {PSD} camera},
  timestamp = {2015-05-16 21:16:17},
  author = {{ChangHo Han} and {Youngkee Ryu} and {Choonsuk Oh}},
  year = {2009},
  note = {ICHIT'09, August 27{\textendash}29, 2009, Daejeon, Korea}
}

@article{ThibautRaharijaona2010,
  title = {Remote Controls {\textendash} Radio Frequency or Infrared},
  timestamp = {2015-05-18 18:25:11},
  author = {{Thibaut Raharijaona}},
  year = {2010},
  note = {Infineon Technologies AG}
}

@article{Ye-ShengKuo2014,
  title = {Luxapose - Indoor Positioning with Mobile Phones and Visible Light},
  timestamp = {2015-05-18 19:39:22},
  author = {{Ye-Sheng Kuo} and {Pat Pannuto} and {Ko-Jen Hsiao} and {Prabal Dutta}},
  year = {2014},
  note = {ACM, MobiCom'14}
}

@article{StefanSchmid2013,
  title = {{LED}-to-{LED} Visible Light Communication Networks},
  timestamp = {2015-05-18 20:22:49},
  author = {{Stefan Schmid} and {Stefan Mangold} and {Giorgio Corbellini} and {Thomas R. Gross}},
  year = {2013},
  note = {ACM, MobiHoc'13}
}

@article{StefanMangold2013,
  title = {Continuous Synchronization for {LED}-to-{LED} Visible Light Communication Networks},
  timestamp = {2015-05-18 20:25:11},
  author = {{Stefan Mangold} and {Stefan Schmid} and {Giorgio Corbellini} and {Thomas R. Gross}},
  year = {2013},
  note = {ACM, MobiHoc'13}
}

@article{JosefZiegler2014,
  title = {In-visible Light Communication: Combining Illumination and Communication},
  timestamp = {2015-05-18 20:27:22},
  author = {{Josef Ziegler} and {Stefan Schmid} and {Giorgio Corbellini} and {Thomas R. Gross} and {Manuela Hitz} and {Afroditi Psarra} and {Stefan Mangold}},
  year = {2014},
  note = {Disney Research Zurich}
}

@article{MasayukiKanbara2002,
  title = {Registration for Stereo Vision-based Augmented Reality Based on Extendible Tracking of Markers and Natural Features},
  timestamp = {2015-05-18 20:33:39},
  author = {{Masayuki Kanbara} and {Naokazu Yokoya} and {Haruo Takemura}},
  year = {2002},
  note = {IEEE 1051-4651/02}
}

@article{GeorgKlein2007,
  title = {Parallel Tracking and Mapping for Small {AR} Workspaces},
  timestamp = {2015-05-18 20:41:28},
  author = {{Georg Klein} and {David Murray}},
  year = {2007},
  note = {ISMAR}
}

@article{HenryS.Warren2012,
  title = {{ERROR} {CORRECTING} {CODES}, Chapter 15, Hacker's Delight (2nd Edition)},
  timestamp = {2015-05-19 20:49:03},
  author = {{Henry S. Warren}},
  year = {2012},
  note = {ISBN-13: 978-0321842688}
}

@article{AndersonA.S.Souza2012,
  title = {3D Probabilistic Occupancy Grid to Robotic Mapping with Stereo Vision},
  timestamp = {2015-05-19 21:26:15},
  author = {{Anderson A. S. Souza} and {Rosiery Maia} and {Luiz M. G. Gon{\c c}alves}},
  year = {2012},
  note = {ISBN 978-953-51-0660-9}
}

@article{JiangWan1992,
  title = {3D relative position and orientation estimation using Kalman filter for robot control},
  abstract = {William J. Wilson},
  timestamp = {2015-05-21 13:50:59},
  author = {{Jiang Wan}},
  year = {1992},
  note = {IEEE, 0-8186-2720-4}
}

@article{olivier_bau_revel:_2013,
  title = {Facebook's Latest \$2 Billion Purchase All Started With This Kickstarter Campaign},
  url = {http://www.businessinsider.com/oculus-rift-kickstarter-2014-3},
  timestamp = {2015-05-25 14:13:45},
  author = {{Lisa Eadicicco}},
  year = {2014}
}

@article{olivier_bau_revel:_2013,
  title = {The best {VR} headsets},
  url = {http://www.wareable.com/headgear/the-best-ar-and-vr-headsets},
  timestamp = {2015-05-25 14:16:51},
  author = {{Henry Winchester}},
  year = {2015}
}

@article{WeiLiu2014,
  title = {Marker-Based Surgical Instrument Tracking Using Dual Kinect Sensors},
  timestamp = {2015-05-25 18:05:15},
  author = {{Wei Liu} and {Andy Lim}},
  year = {2014},
  note = {International Journal of Advanced Intelligence, Volume 3, Number 2, pp.255-267, July, 2011}
}

@article{BMWServices2014,
  title = {{BMW} Augmented Reality in practice},
  url = {http://www.bmw.com/com/en/owners/service/augmented_reality_workshop_2.html},
  timestamp = {2015-05-25 18:08:51},
  author = {{BMW Services}},
  year = {2014}
}

@misc{LtdWizapply2015,
  title = {{OVRVision} Stereo Camera for Oculus Rift},
  url = {http://ovrvision.com/order-ovr1/},
  timestamp = {2015-05-25 18:16:46},
  author = {{Ltd Wizapply}},
  year = {2015}
}

@misc{PaulRidden2013,
  title = {{CES} debut for Avegant Glyph "Virtual Retinal Display" headsets},
  url = {http://www.gizmag.com/avegant-glyph/30233/},
  timestamp = {2015-05-25 18:16:39},
  author = {{Paul Ridden}},
  year = {2013}
}

@misc{SebastianAnthony2014,
  title = {Google joins the {VR} war, invests in light field `cinematic reality' company Magic Leap},
  url = {http://www.extremetech.com/extreme/191909-google-joins-the-vr-war-invests-in-light-field-cinematic-reality-company-magic-leap},
  timestamp = {2015-05-25 18:17:33},
  author = {{Sebastian Anthony}},
  year = {2014}
}


